<?xml version="1.0" encoding="UTF-8"?>
<record xmlns="http://www.loc.gov/MARC21/slim">
   <leader>01416cam a22003615  4500</leader>
   <controlfield tag="001">2788143</controlfield>
   <controlfield tag="003">NjP</controlfield>
   <controlfield tag="005">20190705144927.0</controlfield>
   <controlfield tag="008">991121s1969    ir            000 0 ara d</controlfield>
   <datafield tag="024" ind1="7" ind2=" ">
      <subfield code="a">princeton_aco004577</subfield>
      <subfield code="2">local</subfield>
   </datafield>
   <datafield ind1=" " ind2=" " tag="040">
      <subfield code="a">PUL</subfield>
      <subfield code="c">PUL</subfield>
      <subfield code="d">PUL</subfield>
   </datafield>
   <datafield ind1=" " ind2=" " tag="035">
      <subfield code="9">CNJ7177TS</subfield>
   </datafield>
   <datafield ind1=" " ind2=" " tag="035">
      <subfield code="a">( NjP)2788143</subfield>
   </datafield>
   <datafield ind1=" " ind2=" " tag="049">
      <subfield code="a">PULL</subfield>
   </datafield>
   <datafield ind1=" " ind2=" " tag="035">
      <subfield code="a">(OCoLC)ocm42866560</subfield>
   </datafield>
   <datafield ind1="1" ind2=" " tag="100">
      <subfield code="6">880-01</subfield>
      <subfield code="a">Kirmānī, Muḥammad Karīm Khān ibn Ibrāhīm,</subfield>
      <subfield code="d">1810*1871.</subfield>
   </datafield>
   <datafield ind1="0" ind2="0" tag="245">
      <subfield code="6">880-02</subfield>
      <subfield code="a">Majmaʻ al-rasāʼil.</subfield>
   </datafield>
   <datafield ind1=" " ind2=" " tag="260">
      <subfield code="6">880-03</subfield>
      <subfield code="a">Kirmān,</subfield>
      <subfield code="b">Chāpkhānah ʼi Saʻādat,</subfield>
      <subfield code="c">[13]48 [1969]</subfield>
   </datafield>
   <datafield ind1=" " ind2=" " tag="300">
      <subfield code="a">599 p.</subfield>
      <subfield code="c">23 cm.</subfield>
   </datafield>
   <datafield ind1=" " ind2=" " tag="546">
      <subfield code="a">In Arabic.</subfield>
   </datafield>
   <datafield ind1="0" ind2=" " tag="505">
      <subfield code="6">880-04</subfield>
      <subfield code="a">Kitāb al-qawāʻid.--Risālat al-sawāniḥ.--Risālat ʻilm al-yaqīn.</subfield>
   </datafield>
   <datafield ind1="0" ind2="2" tag="740">
      <subfield code="6">880-05</subfield>
      <subfield code="a">Kitāb al-qawāʻid.</subfield>
   </datafield>
   <datafield ind1="0" ind2="2" tag="740">
      <subfield code="6">880-06</subfield>
      <subfield code="a">Risālat al-sawāniḥ.</subfield>
   </datafield>
   <datafield ind1="0" ind2="2" tag="740">
      <subfield code="6">880-07</subfield>
      <subfield code="a">Risālat ʻilm al-yaqīn.</subfield>
   </datafield>
   <datafield ind1="1" ind2=" " tag="880">
      <subfield code="6">100-01/r</subfield>
      <subfield code="a">كرماني، محمد كريم خان بن ابراهيم،</subfield>
      <subfield code="d">1810*1871.</subfield>
   </datafield>
   <datafield ind1="0" ind2="0" tag="880">
      <subfield code="6">245-02/r</subfield>
      <subfield code="a">مجمع الرسائل.</subfield>
   </datafield>
   <datafield ind1=" " ind2=" " tag="880">
      <subfield code="6">260-03/r</subfield>
      <subfield code="a">كرمان،</subfield>
      <subfield code="b">چاپخانة ء سعادة،</subfield>
      <subfield code="c">[13]48 [1969]</subfield>
   </datafield>
   <datafield ind1="0" ind2=" " tag="880">
      <subfield code="6">505-04/r</subfield>
      <subfield code="a">كتاب القواعد.رسالة السوانح.رسالة علم اليقين.</subfield>
   </datafield>
   <datafield ind1="0" ind2="2" tag="880">
      <subfield code="6">740-05/r</subfield>
      <subfield code="a">كتاب القواعد.</subfield>
   </datafield>
   <datafield ind1="0" ind2="2" tag="880">
      <subfield code="6">740-06/r</subfield>
      <subfield code="a">رسالة السوانح.</subfield>
   </datafield>
   <datafield ind1="0" ind2="2" tag="880">
      <subfield code="6">740-07/r</subfield>
      <subfield code="a">رسالة علم اليقين.</subfield>
   </datafield>
   <datafield ind1=" " ind2=" " tag="911">
      <subfield code="a">20000130</subfield>
   </datafield>
   <datafield ind1=" " ind2=" " tag="994">
      <subfield code="a">C0</subfield>
      <subfield code="b">PUL</subfield>
   </datafield>
   <datafield ind1=" " ind2=" " tag="999">
      <subfield code="a">2788143</subfield>
   </datafield>
   <datafield ind1=" " ind2=" " tag="979">
      <subfield code="a">(OCoLC)ocn178695922</subfield>
   </datafield>
   <datafield ind1="8" ind2="0" tag="852">
      <subfield code="0">3099107</subfield>
      <subfield code="b">rcppa</subfield>
      <subfield code="t">1</subfield>
      <subfield code="h">2271.509599.1969</subfield>
      <subfield code="x">tr fr f</subfield>
   </datafield>
   <datafield ind1=" " ind2=" " tag="959">
      <subfield code="a">2009-05-06 10:02:31 -0500</subfield>
   </datafield>
</record>
